<record><leader>00000cas a22000007a 4500</leader><controlfield tag="001">11421225</controlfield><controlfield tag="008">841126d18711875nyuwr ne      0    0eng d</controlfield><datafield ind1=" " ind2=" " tag="010"><subfield code="a">sn 84031736 </subfield></datafield><datafield ind1=" " ind2=" " tag="040"><subfield code="a">NYG</subfield><subfield code="b">eng</subfield><subfield code="c">NYG</subfield><subfield code="d">NPX</subfield><subfield code="d">NYS</subfield><subfield code="d">OCLCQ</subfield></datafield><datafield ind1=" " ind2=" " tag="042"><subfield code="a">msc</subfield></datafield><datafield ind1="0" ind2=" " tag="130"><subfield code="a">Bainbridge Republican (Bainbridge, N.Y. : 1871)</subfield></datafield><datafield ind1="1" ind2="4" tag="245"><subfield code="a">The Bainbridge Republican.</subfield></datafield><datafield ind1=" " ind2=" " tag="260"><subfield code="a">Bainbridge, N.Y. :</subfield><subfield code="b">[s.n.]</subfield></datafield><datafield ind1=" " ind2=" " tag="300"><subfield code="a">v. ;</subfield><subfield code="c">67 cm.</subfield></datafield><datafield ind1=" " ind2=" " tag="310"><subfield code="a">Weekly</subfield></datafield><datafield ind1="1" ind2=" " tag="362"><subfield code="a">Began in 1871.</subfield><subfield code="z">Cf. Gregory, W. Amer. newspapers.</subfield></datafield><datafield ind1="1" ind2=" " tag="362"><subfield code="a">Ceased in Aug. 1875?</subfield><subfield code="z">Cf. Faibisoff, S.G. Bibl. of newspapers in 14 N.Y. counties.</subfield></datafield><datafield ind1=" " ind2=" " tag="588"><subfield code="a">Description based on: Vol. 1, no. 3 (May 13, 1871).</subfield></datafield><datafield ind1=" " ind2="4" tag="651"><subfield code="a">Bainbridge (N.Y.)</subfield><subfield code="v">Newspapers.</subfield></datafield><datafield ind1=" " ind2=" " tag="752"><subfield code="a">United States</subfield><subfield code="b">New York</subfield><subfield code="c">Chenango</subfield><subfield code="d">Bainbridge.</subfield></datafield><datafield ind1="0" ind2="7" tag="785"><subfield code="t">Saturday review (Bainbridge, N.Y.)</subfield><subfield code="w">(DLC)sn 83030738</subfield></datafield><datafield ind1="0" ind2="7" tag="785"><subfield code="t">Bainbridge Republican and Saturday review</subfield><subfield code="w">(DLC)sn 85026215</subfield></datafield><datafield ind1="1" ind2=" " tag="029"><subfield code="a">AU@</subfield><subfield code="b">000020375498</subfield></datafield></record>